<?xml version="1.0" encoding="UTF-8"?><collection xmlns="http://www.loc.gov/MARC21/slim"><record><leader>00387nam--2200133-i-4500</leader><controlfield tag="001">000041061</controlfield><controlfield tag="002">20161230</controlfield><controlfield tag="005">20161230201042</controlfield><controlfield tag="008">060222s1000------------r-----000-0-eng-d</controlfield><datafield ind1=" " ind2=" " tag="245"><subfield code="a">Self-organizing systems</subfield></datafield><datafield ind1=" " ind2=" " tag="260"><subfield code="a">Lkondon, Pergamon Press, 1960. Ix + 322 P</subfield></datafield><datafield ind1=" " ind2=" " tag="490"><subfield code="a">Int.Tracts In Computer Science And Technology And Their Appl</subfield></datafield><datafield ind1=" " ind2=" " tag="700"><subfield code="a">M.C.Yovits And S.Cameron</subfield></datafield><datafield ind1=" " ind2=" " tag="852"><subfield code="a">16347</subfield></datafield></record></collection>